@techreport{haken,
author = "Roberts",
note = "www.robertsspaceindustries.com",
title = "Roberts Space Industries",
year = 2012
}
