@Book{rs,
author = "Roberts",
title = "Roberts Space Industries",
note = "(www.robertsspaceindustries.com)",
year = "2013",
}
@Book{niekrotkie,
author = "T. Oetiker and H. Partl",
title = "Nie za kr√≥tkie wprowadzenie do systemu \LaTeXe",
note = "(Wydanie polskie)",
year = "2007",
publisher = "GNU General Public License"
}
